<?xml version='1.0' encoding='UTF-8'?>
<record xmlns="http://www.loc.gov/MARC21/slim">
  <leader>01045cam a22003015  4500</leader>
  <controlfield tag="001">2786637</controlfield>
  <controlfield tag="003">NjP</controlfield>
  <controlfield tag="005">20171013180857.0</controlfield>
  <controlfield tag="008">991115s1953    ua a          000 0 ara d</controlfield>
  <datafield tag="024" ind1="7" ind2=" ">
    <subfield code="a">princeton_aco002434</subfield>
    <subfield code="2">local</subfield>
  </datafield>
  <datafield ind1=" " ind2=" " tag="035">
    <subfield code="a">(OCoLC)ocn178675548</subfield>
  </datafield>
  <datafield ind1=" " ind2=" " tag="035">
    <subfield code="a">(OCoLC)ocm42828717</subfield>
  </datafield>
  <datafield ind1=" " ind2=" " tag="040">
    <subfield code="a">PUL</subfield>
    <subfield code="c">PUL</subfield>
    <subfield code="d">PUL</subfield>
  </datafield>
  <datafield ind1=" " ind2=" " tag="035">
    <subfield code="a">(OCoLC)178675548</subfield>
  </datafield>
  <datafield ind1=" " ind2=" " tag="035">
    <subfield code="9">CNJ5500TS</subfield>
  </datafield>
  <datafield ind1=" " ind2=" " tag="035">
    <subfield code="a">(NjP)2786637</subfield>
  </datafield>
  <datafield ind1=" " ind2=" " tag="079">
    <subfield code="a">ocm42828717</subfield>
  </datafield>
  <datafield ind1=" " ind2=" " tag="049">
    <subfield code="a">PULL</subfield>
  </datafield>
  <datafield ind1="1" ind2=" " tag="100">
    <subfield code="6">880-01</subfield>
    <subfield code="a">ʻInān, Muḥammad ʻAbd Allāh,</subfield>
    <subfield code="d">1896-</subfield>
    <subfield code="0">http://id.loc.gov/authorities/names/n82085880</subfield>
  </datafield>
  <datafield ind1="0" ind2="0" tag="245">
    <subfield code="6">880-02</subfield>
    <subfield code="a">Ibn Khaldūn, ḥayātuhu wa-turāthuhu al-fikrī ...</subfield>
  </datafield>
  <datafield ind1=" " ind2=" " tag="260">
    <subfield code="a">Cairo</subfield>
    <subfield code="c">[1953]</subfield>
  </datafield>
  <datafield ind1=" " ind2=" " tag="300">
    <subfield code="a">223 p.</subfield>
    <subfield code="b">illus.</subfield>
    <subfield code="c">21 cm.</subfield>
  </datafield>
  <datafield ind1=" " ind2=" " tag="546">
    <subfield code="a">In Arabic.</subfield>
  </datafield>
  <datafield ind1="0" ind2="0" tag="600">
    <subfield code="6">880-03</subfield>
    <subfield code="a">Ibn Khaldūn,</subfield>
    <subfield code="d">1332-1406.</subfield>
    <subfield code="0">http://id.loc.gov/authorities/names/n50052785</subfield>
  </datafield>
  <datafield ind1="1" ind2=" " tag="880">
    <subfield code="6">100-01/r</subfield>
    <subfield code="a">عنان، محمد عبد الله،</subfield>
    <subfield code="d">1896-</subfield>
  </datafield>
  <datafield ind1="0" ind2="0" tag="880">
    <subfield code="6">245-02/r</subfield>
    <subfield code="a">ابن خلدون، حياةه وتراثه الفكري ...</subfield>
  </datafield>
  <datafield ind1="0" ind2="0" tag="880">
    <subfield code="6">600-03/r</subfield>
    <subfield code="a">ابن خلدون،</subfield>
    <subfield code="d">1332-1406.</subfield>
  </datafield>
  <datafield ind1=" " ind2=" " tag="911">
    <subfield code="a">20000130</subfield>
  </datafield>
  <datafield ind1=" " ind2=" " tag="994">
    <subfield code="a">C0</subfield>
    <subfield code="b">PUL</subfield>
  </datafield>
  <datafield ind1=" " ind2=" " tag="999">
    <subfield code="a">2786637</subfield>
  </datafield>
  <datafield ind1="0" ind2="0" tag="852">
    <subfield code="0">3097597</subfield>
    <subfield code="b">nec</subfield>
    <subfield code="t">1</subfield>
    <subfield code="h">D116.7.I265</subfield>
    <subfield code="i">I536 1953</subfield>
  </datafield>
  <datafield ind1=" " ind2=" " tag="959">
    <subfield code="a">2009-06-30 11:52:53 -0400</subfield>
  </datafield>
</record>
